<?xml version="1.0" encoding="UTF-8"?>
<OAI-PMH xmlns="http://www.openarchives.org/OAI/2.0/" xmlns:xsi="http://www.w3.org/2001/XMLSchema-instance" xsi:schemaLocation="http://www.openarchives.org/OAI/2.0/ http://www.openarchives.org/OAI/2.0/OAI-PMH.xsd">
  <ListRecords>
    <record>
      <header>
        <identifier>aleph-publish:000969710</identifier>
      </header>
      <metadata>
        <record xmlns="http://www.ddb.de/professionell/mabxml/mabxml-1.xsd">
          <leader>------M2.01200024------h</leader>
          <controlfield tag="LDR">------M2.01200024------h</controlfield>
          <controlfield tag="FMT">MH</controlfield>
          <datafield tag="001" ind1="-" ind2="1">
            <subfield code="a">HT013527834</subfield>
          </datafield>
          <datafield tag="002" ind1="a" ind2="1">
            <subfield code="a">20021211</subfield>
          </datafield>
          <datafield tag="003" ind1="-" ind2="1">
            <subfield code="a">20070924</subfield>
          </datafield>
          <datafield tag="026" ind1="-" ind2="1">
            <subfield code="a">HBZHT013527834</subfield>
          </datafield>
          <controlfield tag="030">a|1uc||||||37</controlfield>
          <datafield tag="036" ind1="a" ind2="1">
            <subfield code="a">DE</subfield>
          </datafield>
          <datafield tag="037" ind1="b" ind2="1">
            <subfield code="a">ger</subfield>
          </datafield>
          <controlfield tag="050">a|||||||||||||</controlfield>
          <controlfield tag="051">m|||||||</controlfield>
          <datafield tag="070" ind1="-" ind2="1">
            <subfield code="a">Bm 40</subfield>
          </datafield>
          <datafield tag="070" ind1="b" ind2="1">
            <subfield code="a">466</subfield>
          </datafield>
          <datafield tag="078" ind1="n" ind2="1">
            <subfield code="a">NWBib-61</subfield>
          </datafield>
          <datafield tag="080" ind1="-" ind2="1">
            <subfield code="a">60</subfield>
          </datafield>
          <datafield tag="200" ind1="b" ind2="1">
            <subfield code="k">Kommunalverband Ruhrgebiet</subfield>
            <subfield code="b">Fachbereich Regionalinformation</subfield>
            <subfield code="9">(DE-588)3051778-3</subfield>
          </datafield>
          <datafield tag="331" ind1="-" ind2="1">
            <subfield code="a">Städteatlas Ruhrgebiet Ost</subfield>
          </datafield>
          <datafield tag="335" ind1="-" ind2="1">
            <subfield code="a">[mit Cityplänen, 3D-Galerie mit Brille, Luftbilder der Innenstädte]</subfield>
          </datafield>
          <datafield tag="359" ind1="-" ind2="1">
            <subfield code="a">[Hrsg.: Kommunalverband Ruhrgebiet, Fachbereich Regionalinformation]</subfield>
          </datafield>
          <datafield tag="407" ind1="-" ind2="1">
            <subfield code="a">1:18000</subfield>
          </datafield>
          <datafield tag="410" ind1="-" ind2="1">
            <subfield code="a">Essen</subfield>
          </datafield>
          <datafield tag="425" ind1="-" ind2="1">
            <subfield code="a">[2002]</subfield>
          </datafield>
          <datafield tag="425" ind1="a" ind2="1">
            <subfield code="a">2002</subfield>
          </datafield>
          <datafield tag="433" ind1="-" ind2="1">
            <subfield code="a">234 S., [57] Bl. : Ill., überw. Kt.</subfield>
          </datafield>
          <datafield tag="437" ind1="-" ind2="1">
            <subfield code="a">1 3-D-Brille</subfield>
          </datafield>
          <datafield tag="540" ind1="a" ind2="1">
            <subfield code="a">3-932165-28-4</subfield>
          </datafield>
          <datafield tag="700" ind1="n" ind2="1">
            <subfield code="a">20</subfield>
          </datafield>
          <datafield tag="700" ind1="n" ind2="1">
            <subfield code="a">126000</subfield>
          </datafield>
          <datafield tag="902" ind1="-" ind2="1">
            <subfield code="g">Ruhrgebiet</subfield>
            <subfield code="z">Ost</subfield>
            <subfield code="9">(DE-588)4076883-1</subfield>
          </datafield>
          <datafield tag="902" ind1="-" ind2="1">
            <subfield code="f">Stadtplan</subfield>
          </datafield>
          <controlfield tag="SYS">000969710</controlfield>
          <datafield tag="PSW" ind1="-" ind2="1">
            <subfield code="g">Westfälisches Ruhrgebiet</subfield>
            <subfield code="9">(DE-588)4076883-1</subfield>
          </datafield>
          <datafield tag="PSW" ind1="-" ind2="1">
            <subfield code="g">Östliches Ruhrgebiet</subfield>
            <subfield code="9">(DE-588)4076883-1</subfield>
          </datafield>
          <datafield tag="PSW" ind1="-" ind2="1">
            <subfield code="g">Westfälisches Ruhrgebiet</subfield>
            <subfield code="9">(DE-588)4076883-1</subfield>
          </datafield>
          <datafield tag="PSW" ind1="-" ind2="1">
            <subfield code="g">Östliches Ruhrgebiet</subfield>
            <subfield code="9">(DE-588)4076883-1</subfield>
          </datafield>
          <datafield tag="700" ind1=" " ind2=" ">
            <subfield code="a">MRJD</subfield>
          </datafield>
          <datafield tag="700" ind1=" " ind2=" ">
            <subfield code="a">MYK</subfield>
          </datafield>
          <datafield tag="OWN" ind1=" " ind2=" ">
            <subfield code="a">P0001</subfield>
            <subfield code="n">466 - Paderborn: UB</subfield>
          </datafield>
          <datafield tag="655" ind1=" " ind2=" ">
            <subfield code="y">Städteatlas Ruhrgebiet Ost</subfield>
            <subfield code="t">VIEW</subfield>
            <subfield code="u">http://digitool.hbz-nrw.de:1801/webclient/DeliveryManager?pid=2200160&amp;custom_att_2=simple_viewer</subfield>
          </datafield>
          <datafield tag="TXT" ind1=" " ind2=" ">
            <subfield code="a">OCR-TEXT: BERGKAMEN SEITE 82 BOCHUM SEITE 132 BOENEN SEITE 85 BRECKERFELD SEITE 199 CASTROP-RAUXEL SEITE 96 DATTELN SEITE 56 DORSTEN SEITE 49 DORTMUND SEITE 119 ENNEPETAL SEITE 189 ESSEN SEITE 146 FROENDENBERG SEITE 143 GELSENKIRCHEN SEITE 112 GEVELSBERG SEITE 180 CITY-PLAENE BERGKAMEN SEITE 208 BOCHUM SEITE 201 BOENEN SEITE 208 BRECKERFELD SEITE 208 CASTROP-RAUXEL SEITE 209 DATTELN SEITE 209 DORSTEN SEITE 209 DORTMUND SEITE 202 ENNEPETAL SEITE 210 ESSEN SEITE 203 FROENDENBERG SEITE 210 GELSENKIRCHEN SEITE 204 GEVELSBERG SEITE 210 28 ATTRAKTIVE 3D-BILDER VON M NAHVERKEHRSPLAN STADTINFOS GLADBECK SEITE 89 HAGEN SEITE 183 HALTERN SEITE 13 HAMM SEITE 46 HATTINGEN SEITE 163 HERDECKE SEITE 168 HERNE SEITE 114 HERTEN SEITE 72 HOLZWICKEDE SEITE 122 KAMEN SEITE 83 LUENEN SEITE 80 MARI SEITE 51 OER-ERKENSCHWICK SEITE 55 GLADBECK SEITE 211 HAGEN SEITE 205 HALTERN SEITE 211 HAMM SEITE 206 HATTINGEN SEITE 211 HERDECKE SEITE 212 HERNE SEITE 207 HERTEN SEITE 212 HOLZWICKEDE SEITE 212 KAMEN SEITE 213 LUENEN SEITE 213 MARI SEITE 213 OER-ERKENSCHWICK SEITE 214 ARKANTEN ORTEN IM RUHRGEBIET MM 1-200 RECKLINGHAUSEN SEITE 74 SCHWELM SEITE 188 SCHWERTE SEITE 157 SEIM SEITE 39 SPROCKHOEVEL SEITE 165 UNNA SEITE 124 WALTROP SEITE 77 WANNE-EICKEL SEITE 113 WATTENSCHEID SEITE 130 WERNE SEITE 63 WETTER SEITE 167 WITTEN SEITE 152 "VII:-;. ' . 201-218 RECKLINGHAUSEN SEITE 214 SCHWELM SEITE 214 SCHWERTE SEITE 215 SEIM SEITE 215 SPROCKHOEVEL SEITE 215 UNNA SEITE 216 WALTROP SEITE 216 WANNE-EICKEL SEITE 216 WATTENSCHEID SEITE 217 WERNE SEITE 217 WETTER SEITE 217 WITTEN SEITE 218 ^1^ 220-234</subfield>
          </datafield>
          <datafield tag="LOC" ind1=" " ind2=" ">
            <subfield code="m">BOOK</subfield>
            <subfield code="a">P0001</subfield>
            <subfield code="b">03</subfield>
            <subfield code="d">MQ19244</subfield>
            <subfield code="i">07/7894</subfield>
            <subfield code="n">21</subfield>
            <subfield code="k">20070829</subfield>
            <subfield code="5">988187-10</subfield>
          </datafield>
        </record>
      </metadata>
    </record>
  </ListRecords>
</OAI-PMH>
